<?xml version="1.0" encoding="UTF-8"?><collection xmlns="http://www.loc.gov/MARC21/slim"><record><leader>00413nam--2200133-i-4500</leader><controlfield tag="001">000035208</controlfield><controlfield tag="002">20161230</controlfield><controlfield tag="005">20161230201040</controlfield><controlfield tag="008">060222s1000------------r-----000-0-eng-d</controlfield><datafield ind1=" " ind2=" " tag="080"><subfield code="a">541.28:546.791(043)</subfield></datafield><datafield ind1=" " ind2=" " tag="100"><subfield code="a">Paunescu, Niculina</subfield></datafield><datafield ind1=" " ind2=" " tag="245"><subfield code="a">Echilibrare de complexare a uraniului in medii neapoase si mixte. teza de doctorat</subfield></datafield><datafield ind1=" " ind2=" " tag="260"><subfield code="a">Bucuresti, Com.De Stat Pentru Enrg.Nucleara, 1978, 147p</subfield></datafield><datafield ind1=" " ind2=" " tag="852"><subfield code="a">46584</subfield></datafield></record></collection>